%REFERENCES

%%%%%%%%%%%%%%%%%%%%%%%%%%%%%%%%%%%%%%%%%%%%
%% LITERATURE REVIEW REFERENCES
%%%%%%%%%%%%%%%%%%%%%%%%%%%%%%%%%%%%%%%%%%%%
@article{sanaa2019genomegraphr,
  title={GenomeGraphR: a user-friendly open-source web application for foodborne pathogen whole genome sequencing data integration, analysis, and visualization},
  author={Sanaa, Moez and Pouillot, R{\'e}gis and Vega, Francisco Garces and Strain, Errol and Van Doren, Jane M},
  journal={PloS one},
  volume={14},
  number={2},
  pages={e0213039},
  year={2019},
  publisher={Public Library of Science San Francisco, CA USA}
}

@webpage{ncbi2016,
   author = {Bethesda (MD): National Library of Medicine (US) National Center for Biotechnology Information},
   title = {The NCBI Pathogen Detection Project [Internet]},
   url = {https://www.ncbi.nlm.nih.gov/pathogens/},
   year = {2016},
}

@article{chipman2010bart,
  title={BART: Bayesian additive regression trees},
  author={Chipman, Hugh A and George, Edward I and McCulloch, Robert E},
  journal={The Annals of Applied Statistics},
  volume={4},
  number={1},
  pages={266--298},
  year={2010},
  publisher={Institute of Mathematical Statistics}
}

@article{breiman2001random,
  title={Random forests},
  author={Breiman, Leo},
  journal={Machine learning},
  volume={45},
  number={1},
  pages={5--32},
  year={2001},
  publisher={Springer}
}

@article{tanui2022machine,
  title={A Machine Learning Model for Food Source Attribution of Listeria monocytogenes},
  author={Tanui, Collins K and Benefo, Edmund O and Karanth, Shraddha and Pradhan, Abani K},
  journal={Pathogens},
  volume={11},
  number={6},
  pages={691},
  year={2022},
  publisher={MDPI}
}

@incollection{gourama2020foodborne,
  title={Foodborne pathogens},
  author={Gourama, Hassan},
  booktitle={Food safety engineering},
  pages={25--49},
  year={2020},
  publisher={Springer}
}

@article{Lee2021,
   abstract = {},
   author = {Heeyoung Lee and Yohan Yoon},
   doi = {10.5851/KOSFA.2020.E75},
   issn = {26360780},
   issue = {1},
   journal = {Food Science of Animal Resources},
   title = {Etiological agents implicated in foodborne illness world wide},
   volume = {41},
   year = {2021},
}

@webpage{who2015,
   author = {World Health Organization},
   title = {Estimates of the global burden of foodborne diseases},
   url = {https://www.who.int/multi-media/details/estimates-of-the-global-burden-of-foodborne-diseases},
   year = {2015},
}

@article{Munck2020,
   abstract = {},
   author = {Nanna Munck and Patrick Murigu Kamau Njage and Pimlapas Leekitcharoenphon and Eva Litrup and Tine Hald},
   doi = {10.1111/risa.13510},
   issn = {15396924},
   issue = {9},
   journal = {Risk Analysis},
   title = {Application of Whole-Genome Sequences and Machine Learning in Source Attribution of Salmonella Typhimurium},
   volume = {40},
   year = {2020},
}

@article{Scallan2011,
   abstract = {},
   author = {Elaine Scallan and Robert M. Hoekstra and Frederick J. Angulo and Robert V. Tauxe and Marc Alain Widdowson and Sharon L. Roy and Jeffery L. Jones and Patricia M. Griffin},
   doi = {10.3201/eid1701.P11101},
   issn = {10806040},
   issue = {1},
   journal = {Emerging Infectious Diseases},
   title = {Foodborne illness acquired in the United States-Major pathogens},
   volume = {17},
   year = {2011},
}


@article{filipello2020attribution,
  title={Attribution of Listeria monocytogenes human infections to food and animal sources in Northern Italy},
  author={Filipello, Virginia and Mughini-Gras, Lapo and Gallina, Silvia and Vitale, Nicoletta and Mannelli, Alessandro and Pontello, Mirella and Decastelli, Lucia and Allard, Marc W and Brown, Eric W and Lomonaco, Sara},
  journal={Food microbiology},
  volume={89},
  pages={103433},
  year={2020},
  publisher={Elsevier}
}

@article{chlebicz2018campylobacteriosis,
  title={Campylobacteriosis, salmonellosis, yersiniosis, and listeriosis as zoonotic foodborne diseases: a review},
  author={Chlebicz, Agnieszka and {\'S}li{\.z}ewska, Katarzyna},
  journal={International journal of environmental research and public health},
  volume={15},
  number={5},
  pages={863},
  year={2018},
  publisher={MDPI}
}

@article{lomonaco2015evolution,
  title={The evolution and epidemiology of Listeria monocytogenes in Europe and the United States},
  author={Lomonaco, Sara and Nucera, Daniele and Filipello, Virginia},
  journal={Infection, Genetics and Evolution},
  volume={35},
  pages={172--183},
  year={2015},
  publisher={Elsevier}
}

@webpage{cdc2022,
   author = {Centers for Disease Control and Prevention},
   title = {Listeria (Listeriosis) | Listeria | CDC},
   url = {https://www.cdc.gov/listeria/index.html},
   year = {2022},
}

@article{Njage2019,
   abstract = {},
   author = {Patrick Murigu Kamau Njage and Clementine Henri and Pimlapas Leekitcharoenphon and Michel Yves Mistou and Rene S. Hendriksen and Tine Hald},
   doi = {10.1111/risa.13239},
   issn = {15396924},
   issue = {6},
   journal = {Risk Analysis},
   title = {Machine Learning Methods as a Tool for Predicting Risk of Illness Applying Next-Generation Sequencing Data},
   volume = {39},
   year = {2019},
}

@article{tanui2022machine,
  title={Machine learning-based predictive modeling to identify genotypic traits associated with Salmonella enterica disease endpoints in isolates from ground chicken},
  author={Tanui, Collins K and Karanth, Shraddha and Njage, Patrick MK and Meng, Jianghong and Pradhan, Abani K},
  journal={LWT},
  volume={154},
  pages={112701},
  year={2022},
  publisher={Elsevier}
}

@article{lupolova2017patchy,
  title={Patchy promiscuity: machine learning applied to predict the host specificity of Salmonella enterica and Escherichia coli},
  author={Lupolova, Nadejda and Dallman, Tim J and Holden, Nicola J and Gally, David L},
  journal={Microbial genomics},
  volume={3},
  number={10},
  year={2017},
  publisher={Microbiology Society}
}

@article{karanth2022exploring,
  title={Exploring the predictive capability of advanced machine learning in identifying severe disease phenotype in Salmonella enterica},
  author={Karanth, Shraddha and Tanui, Collins K and Meng, Jianghong and Pradhan, Abani K},
  journal={Food Research International},
  volume={151},
  pages={110817},
  year={2022},
  publisher={Elsevier}
}

@article{liu2021machine,
  title={A machine learning-based typing scheme refinement for Listeria monocytogenes core genome multilocus sequence typing with high discriminatory power for common source outbreak tracking},
  author={Liu, Yen-Yi and Chen, Chih-Chieh},
  journal={PloS one},
  volume={16},
  number={11},
  pages={e0260293},
  year={2021},
  publisher={Public Library of Science San Francisco, CA USA}
}

@article{vangay2014classification,
  title={Classification of Listeria monocytogenes persistence in retail delicatessen environments using expert elicitation and machine learning},
  author={Vangay, P and Steingrimsson, J and Wiedmann, M and Stasiewicz, MJ},
  journal={Risk analysis},
  volume={34},
  number={10},
  pages={1830--1845},
  year={2014},
  publisher={Wiley Online Library}
}

@article{sun2019quantitative,
  title={Quantitative risk assessment of Listeria monocytogenes in bulk cooked meat from production to consumption in China: a Bayesian approach},
  author={Sun, Wanxia and Liu, Yangtai and Wang, Xiang and Liu, Qing and Dong, Qingli},
  journal={Journal of the Science of Food and Agriculture},
  volume={99},
  number={6},
  pages={2931--2938},
  year={2019},
  publisher={Wiley Online Library}
}

@article{pasonen2019listeria,
  title={Listeria monocytogenes risk assessment on cold smoked and salt-cured fishery products in Finland-A repeated exposure model},
  author={Pasonen, Petra and Ranta, Jukka and Tapanainen, Heli and Valsta, Liisa and Tuominen, Pirkko},
  journal={International journal of food microbiology},
  volume={304},
  pages={97--105},
  year={2019},
  publisher={Elsevier}
}

@article{mughini2022statistical,
  title={A statistical modelling approach for source attribution meta-analysis of sporadic infection with foodborne pathogens},
  author={Mughini-Gras, Lapo and Beninc{\`a}, Elisa and McDonald, Scott A and de Jong, Aarieke and Chardon, Jurgen and Evers, Eric and Bona{\v{c}}i{\'c} Marinovi{\'c}, Axel A},
  journal={Zoonoses and Public Health},
  year={2022},
  publisher={Wiley Online Library}
}

@article{lassen2016two,
  title={Two listeria outbreaks caused by smoked fish consumptionâ€”using whole-genome sequencing for outbreak investigations},
  author={Lassen, S Gillesberg and Ethelberg, S and Bj{\"o}rkman, JT and Jensen, Tenna and S{\o}rensen, Gitte and Jensen, A Kvistholm and M{\"u}ller, L and Nielsen, EM and M{\o}lbak, K},
  journal={Clinical Microbiology and Infection},
  volume={22},
  number={7},
  pages={620--624},
  year={2016},
  publisher={Elsevier}
}


@article{pires2014source,
  title={Source attribution of human salmonellosis: an overview of methods and estimates},
  author={Pires, Sara M and Vieira, Antonio R and Hald, Tine and Cole, Dana},
  journal={Foodborne pathogens and disease},
  volume={11},
  number={9},
  pages={667--676},
  year={2014},
  publisher={Mary Ann Liebert, Inc. 140 Huguenot Street, 3rd Floor New Rochelle, NY 10801 USA}
}

@article{matle2020review,
  title={A review of Listeria monocytogenes from meat and meat products: Epidemiology, virulence factors, antimicrobial resistance and diagnosis},
  author={Matle, Itumeleng and Mbatha, Khanyisile R and Madoroba, Evelyn},
  journal={Onderstepoort Journal of Veterinary Research},
  volume={87},
  number={1},
  pages={1--20},
  year={2020},
  publisher={AOSIS}
}

@article{de2014global,
  title={The global burden of listeriosis: a systematic review and meta-analysis},
  author={de Noordhout, Charline Maertens and Devleesschauwer, Brecht and Angulo, Frederick J and Verbeke, Geert and Haagsma, Juanita and Kirk, Martyn and Havelaar, Arie and Speybroeck, Niko},
  journal={The Lancet Infectious Diseases},
  volume={14},
  number={11},
  pages={1073--1082},
  year={2014},
  publisher={Elsevier}
}

@article{schwartz1989investigation,
  title={Investigation of an outbreak of listeriosis: new hypotheses for the etiology of epidemic Listeria monocytogenes infections},
  author={Schwartz, Benjamin and Hexter, David and Broome, Claire V and Hightower, Allen W and Hirschhorn, Randall B and Porter, John D and Hayes, Peggy S and Bibb, William F and Lorber, Bennett and Faris, David G},
  journal={Journal of Infectious Diseases},
  volume={159},
  number={4},
  pages={680--685},
  year={1989},
  publisher={The University of Chicago Press}
}

@article{hilliard2018genomic,
  title={Genomic characterization of Listeria monocytogenes isolates associated with clinical listeriosis and the food production environment in Ireland},
  author={Hilliard, Amber and Leong, Dara and Oâ€™Callaghan, Amy and Culligan, Eamonn P and Morgan, Ciara A and DeLappe, Niall and Hill, Colin and Jordan, Kieran and Cormican, Martin and Gahan, Cormac GM},
  journal={Genes},
  volume={9},
  number={3},
  pages={171},
  year={2018},
  publisher={MDPI}
}

@article{chen2017prevalence,
  title={Prevalence and methodologies for detection, characterization and subtyping of Listeria monocytogenes and L. ivanovii in foods and environmental sources},
  author={Chen, Jin-Qiang and Regan, Patrick and Laksanalamai, Pongpan and Healey, Stephanie and Hu, Zonglin},
  journal={Food Science and Human Wellness},
  volume={6},
  number={3},
  pages={97--120},
  year={2017},
  publisher={Elsevier}
}

@article{jensen2016molecular,
  title={Molecular typing and epidemiology of human listeriosis cases, Denmark, 2002--2012},
  author={Jensen, Anne Kvistholm and Bj{\"o}rkman, Jonas T and Ethelberg, Steen and Kiil, Kristoffer and Kemp, Michael and Nielsen, Eva M{\o}ller},
  journal={Emerging infectious diseases},
  volume={22},
  number={4},
  pages={625},
  year={2016},
  publisher={Centers for Disease Control and Prevention}
}

@article{gaul2013hospital,
  title={Hospital-acquired listeriosis outbreak caused by contaminated diced celeryâ€”Texas, 2010},
  author={Gaul, Linda Knudson and Farag, Noha H and Shim, Trudi and Kingsley, Monica A and Silk, Benjamin J and Hyytia-Trees, Eija},
  journal={Clinical infectious diseases},
  volume={56},
  number={1},
  pages={20--26},
  year={2013},
  publisher={Oxford University Press}
}

@article{pouillot2016infectious,
  title={Infectious dose of Listeria monocytogenes in outbreak linked to ice cream, United States, 2015},
  author={Pouillot, R{\'e}gis and Klontz, Karl C and Chen, Yi and Burall, Laurel S and Macarisin, Dumitru and Doyle, Matthew and Bally, K{\"a}ren M and Strain, Errol and Datta, Atin R and Hammack, Thomas S and others},
  journal={Emerging Infectious Diseases},
  volume={22},
  number={12},
  pages={2113},
  year={2016},
  publisher={Centers for Disease Control and Prevention}
}

%%%%%%%%%%%%%%%%%%%%%%%%%%%%%%%%%%%%%%%%%%%%%%%%%%%
%%% REFERENCES FOR THE METHODS INCLUDING PACKAGES
%%%%%%%%%%%%%%%%%%%%%%%%%%%%%%%%%%%%%%%%%%%%%%%%%%%

@book{gelman1995bayesian,
  title={Bayesian data analysis},
  author={Gelman, Andrew and Carlin, John B and Stern, Hal S and Rubin, Donald B},
  year={1995},
  publisher={Chapman and Hall/CRC}
}


@article{Chen2021,
   abstract = {},
   author = {Hong Chen and Songhua Hu and Rui Hua and Xiuju Zhao},
   doi = {10.1186/s13634-021-00742-6},
   issn = {16876180},
   issue = {1},
   journal = {Eurasip Journal on Advances in Signal Processing},
   title = {Improved naive Bayes classification algorithm for traffic risk management},
   volume = {2021},
   year = {2021},
}


@Manual{kuhn2020,
    title = {Tidymodels: a collection of packages for modeling and machine learning using tidyverse principles.},
    author = {Max Kuhn and Hadley Wickham},
    url = {https://www.tidymodels.org},
    year = {2020},
  }


@book{Kuhn2013,
   abstract = {},
   author = {Max Kuhn and Kjell Johnson},
   doi = {10.1007/978-1-4614-6849-3},
   journal = {Applied Predictive Modeling},
   title = {Applied predictive modeling},
   year = {2013},
}

@article{Mandrekar2010,
   abstract = {},
   author = {Jayawant N. Mandrekar},
   doi = {10.1097/JTO.0b013e3181ec173d},
   issn = {15561380},
   issue = {9},
   journal = {Journal of Thoracic Oncology},
   title = {Receiver operating characteristic curve in diagnostic test assessment},
   volume = {5},
   year = {2010},
}

@Manual{yardstick2022,
    title = {yardstick: Tidy Characterizations of Model Performance},
    author = {Max Kuhn and Davis Vaughan},
    year = {2022},
    note = {R package version 1.0.0},
    url = {https://CRAN.R-project.org/package=yardstick},
  }

@article{Cohen1960,
   abstract = {},
   author = {J Cohen},
   issue = {1},
   journal = {Educational and Psychological Measurement},
   title = {A coefficient of agreement for nominal scales. Educational and Psychological Measurement},
   volume = {20},
   year = {1960},
}

@article{Metz1978,
   abstract = {},
   author = {Charles E. Metz},
   doi = {10.1016/S0001-2998(78)80014-2},
   issn = {00012998},
   issue = {4},
   journal = {Seminars in Nuclear Medicine},
   title = {Basic principles of ROC analysis},
   volume = {8},
   year = {1978},
}

@Manual{emil2022,
    title = {discrim: Model Wrappers for Discriminant Analysis},
    author = {Emil Hvitfeldt and Max Kuhn},
    year = {2022},
    note = {R package version 1.0.0},
    url = {https://CRAN.R-project.org/package=discrim},
  }
  
  
  @article{Hand2001,
   abstract = {},
   author = {David J. Hand and Robert J. Till},
   doi = {10.1023/A:1010920819831},
   issn = {08856125},
   issue = {2},
   journal = {Machine Learning},
   title = {A Simple Generalisation of the Area Under the ROC Curve for Multiple Class Classification Problems},
   volume = {45},
   year = {2001},
}
  
@Manual{R,
    title = {R: A Language and Environment for Statistical Computing},
    author = {{R Core Team}},
    organization = {R Foundation for Statistical Computing},
    address = {Vienna, Austria},
    year = {2022},
    url = {https://www.R-project.org/},
  }  
  
@article{Engelmann2021,
   abstract = {},
   author = {Bernd Engelmann and Evelyn Hayden and Dirk Tasche},
   doi = {10.2139/ssrn.2793951},
   journal = {SSRN Electronic Journal},
   title = {Measuring the Discriminative Power of Rating Systems},
   year = {2021},
}

@Article{wright2017,
    title = {{ranger}: A Fast Implementation of Random Forests for High Dimensional Data in {C++} and {R}},
    author = {Marvin N. Wright and Andreas Ziegler},
    journal = {Journal of Statistical Software},
    year = {2017},
    volume = {77},
    number = {1},
    pages = {1--17},
    doi = {10.18637/jss.v077.i01},
  }  
  
@Manual{Hvitfeldt2022,
    title = {themis: Extra Recipes Steps for Dealing with Unbalanced Data},
    author = {Emil Hvitfeldt},
    year = {2022},
    note = {R package version 1.0.0},
    url = {https://CRAN.R-project.org/package=themis},
  }

@Inbook{Hastie2009,
author="Hastie, Trevor
and Tibshirani, Robert
and Friedman, Jerome",
title="Linear Methods for Regression",
bookTitle="The Elements of Statistical Learning: Data Mining, Inference, and Prediction",
year="2009",
publisher="Springer New York",
address="New York, NY",
pages="43--99",
isbn="978-0-387-84858-7",
doi="10.1007/978-0-387-84858-7_3",
url="https://doi.org/10.1007/978-0-387-84858-7_3"
}

@Inbook{James2013,
author="James, Gareth
and Witten, Daniela
and Hastie, Trevor
and Tibshirani, Robert",
title="Linear Model Selection and Regularization",
bookTitle="An Introduction to Statistical Learning: with Applications in R",
year="2021",
publisher="Springer New York",
address="New York, NY",
pages="225--282",
abstract="",
isbn="978-1-4614-7138-7",
doi="10.1007/978-1-4614-7138-7_6",
url="https://doi.org/10.1007/978-1-4614-7138-7_6"
}

 @webpage{Healthypeople2030,
title={Healthy People 2030: Foodborne Illness}, 
url={https://health.gov/healthypeople},
} 
